% References for MicroSims ArXiv Paper
% TODO: Add DOIs and complete bibliographic information for all entries

% Books and Classic References
@book{stephenson1995,
  author = {Stephenson, Neal},
  title = {The Diamond Age: Or, A Young Lady's Illustrated Primer},
  year = {1995},
  publisher = {Bantam Spectra},
  address = {New York, NY}
}

% PhET and Simulation Research
@article{wieman2008phet,
  author = {Wieman, Carl E. and Adams, Wendy K. and Perkins, Katherine K.},
  title = {{PhET}: Simulations that enhance learning},
  journal = {Science},
  volume = {322},
  number = {5902},
  pages = {682--683},
  year = {2008},
  doi = {10.1126/science.1161948}
}

@article{adams2008study,
  author = {Adams, Wendy K. and Reid, Sam and LeMaster, Ron and McKagan, Sarah B. and Perkins, Katherine K. and Dubson, Michael and Wieman, Carl E.},
  title = {A study of educational simulations part {I} - Engagement and learning},
  journal = {Journal of Interactive Learning Research},
  volume = {19},
  number = {3},
  pages = {397--419},
  year = {2008}
}

@article{finkelstein2005phet,
  author = {Finkelstein, Noah D. and Adams, Wendy K. and Keller, Christine J. and Kohl, Patrick B. and Perkins, Katherine K. and Podolefsky, Noah S. and Reid, Sam and LeMaster, Ron},
  title = {When learning about the real world is better done virtually: A study of substituting computer simulations for laboratory equipment},
  journal = {Physical Review Special Topics - Physics Education Research},
  volume = {1},
  number = {1},
  pages = {010103},
  year = {2005},
  doi = {10.1103/PhysRevSTPER.1.010103}
}

@article{perkins2006phet,
  author = {Perkins, Katherine and Adams, Wendy and Dubson, Michael and Finkelstein, Noah and Reid, Sam and Wieman, Carl and LeMaster, Ron},
  title = {{PhET}: Interactive simulations for teaching and learning physics},
  journal = {The Physics Teacher},
  volume = {44},
  number = {1},
  pages = {18--23},
  year = {2006},
  doi = {10.1119/1.2150754}
}

@misc{phet2023,
  author = {{University of Colorado Boulder}},
  title = {{PhET} Interactive Simulations},
  year = {2023},
  url = {https://phet.colorado.edu/},
  note = {Accessed: 2024-01-15}
}

% Meta-Analyses and Reviews
@techreport{dangelo2014simulations,
  author = {D'Angelo, Cynthia and Rutstein, Daisy and Harris, Christopher and Bernard, Robert and Borokhovski, Eugen and Haertel, Geneva},
  title = {Simulations for {STEM} learning: Systematic review and meta-analysis},
  institution = {SRI International},
  year = {2014},
  url = {https://www.sri.com/wp-content/uploads/2021/12/simulations-for-stem-learning-full-report.pdf}
}

@article{merchant2014effectiveness,
  author = {Merchant, Zahira and Goetz, Ernest T. and Cifuentes, Lauren and Keeney-Kennicutt, Wheijen and Davis, Trina J.},
  title = {Effectiveness of virtual reality-based instruction on students' learning outcomes in {K-12} and higher education: A meta-analysis},
  journal = {Computers \& Education},
  volume = {70},
  pages = {29--40},
  year = {2014},
  doi = {10.1016/j.compedu.2013.07.033}
}

@article{rutten2012learning,
  author = {Rutten, Nico and van Joolingen, Wouter R. and van der Veen, Jan T.},
  title = {The learning effects of computer simulations in science education},
  journal = {Computers \& Education},
  volume = {58},
  number = {1},
  pages = {136--153},
  year = {2012},
  doi = {10.1016/j.compedu.2011.07.017}
}

@article{smetana2012computer,
  author = {Smetana, Lara K. and Bell, Randy L.},
  title = {Computer simulations to support science instruction and learning: A critical review of the literature},
  journal = {International Journal of Science Education},
  volume = {34},
  number = {9},
  pages = {1337--1370},
  year = {2012},
  doi = {10.1080/09500693.2011.605182}
}

% Active Learning Research
@article{freeman2014active,
  author = {Freeman, Scott and Eddy, Sarah L. and McDonough, Miles and Smith, Michelle K. and Okoroafor, Nnadozie and Jordt, Hannah and Wenderoth, Mary Pat},
  title = {Active learning increases student performance in science, engineering, and mathematics},
  journal = {Proceedings of the National Academy of Sciences},
  volume = {111},
  number = {23},
  pages = {8410--8415},
  year = {2014},
  doi = {10.1073/pnas.1319030111}
}

@article{prince2004active,
  author = {Prince, Michael},
  title = {Does active learning work? {A} review of the research},
  journal = {Journal of Engineering Education},
  volume = {93},
  number = {3},
  pages = {223--231},
  year = {2004},
  doi = {10.1002/j.2168-9830.2004.tb00809.x}
}

% Cognitive Load Theory
@article{sweller1988cognitive,
  author = {Sweller, John},
  title = {Cognitive load during problem solving: Effects on learning},
  journal = {Cognitive Science},
  volume = {12},
  number = {2},
  pages = {257--285},
  year = {1988},
  doi = {10.1207/s15516709cog1202_4}
}

% User Experience and Usability
@article{zaharias2009usability,
  author = {Zaharias, Panagiotis and Poylymenakou, Angeliki},
  title = {Developing a usability evaluation method for e-learning applications: Beyond functional usability},
  journal = {International Journal of Human-Computer Interaction},
  volume = {25},
  number = {1},
  pages = {75--98},
  year = {2009},
  doi = {10.1080/10447310802546716}
}

@article{davids2015usability,
  author = {Davids, Mitchell R. and Chikte, Usuf M. E. and Halperin, Mitchell L.},
  title = {Effect of improving the usability of an e-learning resource: A randomized trial},
  journal = {Advances in Physiology Education},
  volume = {39},
  number = {2},
  pages = {59--66},
  year = {2015},
  doi = {10.1152/advan.00119.2014}
}

% NetLogo and Other Platforms
@misc{wilensky1999netlogo,
  author = {Wilensky, Uri},
  title = {{NetLogo}},
  year = {1999},
  publisher = {Center for Connected Learning and Computer-Based Modeling, Northwestern University},
  address = {Evanston, IL},
  url = {http://ccl.northwestern.edu/netlogo/}
}

% Learning Management Systems
@misc{lms2023,
  title = {Learning Management Systems in Higher Education},
  year = {2023},
  note = {Industry report on LMS adoption and usage}
}

% Khan Academy and AI Education
@misc{khanacademy2023,
  author = {{Khan Academy}},
  title = {Khanmigo: {AI}-powered learning guide},
  year = {2023},
  url = {https://www.khanacademy.org/khan-labs},
  note = {Accessed: 2024-01-15}
}

% Elementary Systems Thinking Research
@article{eric2009,
  author = {Hung, William},
  title = {An Investigation of the Potential of Interactive Simulations for Developing System Thinking Skills in Elementary School: {A} Case Study with Fifth-Graders and Sixth-Graders},
  journal = {International Journal of Science Education},
  volume = {31},
  number = {9},
  pages = {1183--1208},
  year = {2009},
  month = {March},
  doi = {10.1080/09500690701749313},
  url = {https://eric.ed.gov/?id=EJ833089},
  note = {ERIC Number: EJ833089}
}

% Digital Simulations Systematic Review
@article{mdpi2024,
  author = {Ros√°rio, Ana Teresa and Cardoso, Ana Paula and Rodrigues, Paulo},
  title = {Digital Simulations in {STEM} Education: Insights from Recent Empirical Studies, a Systematic Review},
  journal = {Digital},
  volume = {5},
  number = {1},
  pages = {10},
  year = {2024},
  publisher = {MDPI},
  doi = {10.3390/digital5010010},
  url = {https://www.mdpi.com/2673-8392/5/1/10}
}

% TODO: Add additional references from:
% - docs/why/motivation.md (Dale, World Bank, etc.)
% - docs/chapters/microsims-in-the-ed-tech-landscape.md (commercial platforms)
% - Any additional sources cited in the documentation
